<?xml version="1.0" encoding="UTF-8"?><collection xmlns="http://www.loc.gov/MARC21/slim"><record><leader>00465nam--2200169-u-4500</leader><controlfield tag="001">000056593</controlfield><controlfield tag="002">20161230</controlfield><controlfield tag="005">20161230201052</controlfield><controlfield tag="008">160314s1000------------r-----000-0-eng-d</controlfield><datafield ind1=" " ind2=" " tag="040"><subfield code="a">IFIN-HH</subfield></datafield><datafield ind1="1" ind2=" " tag="100"><subfield code="a">Martin, James E</subfield></datafield><datafield ind1="1" ind2="0" tag="245"><subfield code="a">Physics for Radiation Protection</subfield><subfield code="c">James E. Martin</subfield></datafield><datafield ind1=" " ind2=" " tag="250"><subfield code="a">Third completely Updated Edition</subfield></datafield><datafield ind1=" " ind2=" " tag="260"><subfield code="a">Weinheim</subfield><subfield code="b">Wiley-VCH Verlag</subfield><subfield code="c">2013</subfield></datafield><datafield ind1=" " ind2=" " tag="300"><subfield code="a">xviii+659p</subfield></datafield><datafield ind1=" " ind2=" " tag="852"><subfield code="a">82434</subfield><subfield code="c">614.828</subfield></datafield><datafield ind1=" " ind2=" " tag="CAT"><subfield code="a">Sys</subfield><subfield code="c">20160314</subfield><subfield code="h">151954</subfield></datafield></record></collection>